@inproceedings{tetumeng,
 author = {Al-Onaizan, Yaser and Germann, Ulrich and Hermjakob, Ulf and Knight, Kevin and Koehn, Philipp and Marcu, Daniel and Yamada, Kenji},
 title = {Translating with Scarce Resources},
 booktitle = {Proceedings of the Seventeenth National Conference on Artificial Intelligence and Twelfth Conference on Innovative Applications of Artificial Intelligence},
 year = {2000},
 isbn = {0-262-51112-6},
 pages = {672--678},
 publisher = {AAAI Press / The MIT Press},
 }

@phdthesis{phdbrement,
 author = {Berment Vincent},
 year = {2004},
 title = {Méthodes pour informatiser des langues et des groupes de langues « peu dotées »},
 school = {Grenoble University, Francja},
 }

@incollection{bever,
 author = {Bever, Thomas G.},
 title = {The cognitive basis for linguistic structures},
 booktitle = {Cognition and the Development of Language},
 editor = {Hayes, J. R.},
 year = {1970},
 pages = {279--352},
 publisher = {Wiley},
 address = {New York, USA},
 }

@inproceedings{artykul-sieciwpoczcie,
  author    = {Krzysztof Jassem and
               Filip Gralinski and
               Tomasz Kowalski},
  title     = {Applying Transition Networks in Translating Polish E-Mails},
  booktitle = {IIS},
  year      = {2003},
  pages     = {521-527},
  crossref  = {DBLP:conf/iis/2003},
  bibsource = {DBLP, http://dblp.uni-trier.de}
}

@proceedings{DBLP:conf/iis/2003,
  editor    = {Mieczyslaw A. Klopotek and
               Slawomir T. Wierzchon and
               Krzysztof Trojanowski},
  title     = {Intelligent Information Processing and Web Mining, Proceedings
               of the International IIS: IIPWM'03 Conference held in Zakopane,
               Poland, June 2-5, 2003},
  booktitle = {Intelligent Information Systems},
  publisher = {Springer},
  series    = {Advances in Soft Computing},
  year      = {2003},
  isbn      = {3-540-00843-8},
  bibsource = {DBLP, http://dblp.uni-trier.de}
}

@INPROCEEDINGS{GIZA,
            author = {Franz Josef Och and Hermann Ney},
                title = {Improved Statistical Alignment Models},
                    booktitle = {In Proceedings of the 38th Annual Meeting of the Association for Computational Linguistics},
                        year = {2000},
                            pages = {440--447}
}

@manual{dgttm,
    title = "The DGT Multilingual Translation Memory of the Acquis Communautaire: DGT-TM",
    note = "\url{http://langtech.jrc.it/DGT-TM.html}"
}

@ARTICLE{Och03asystematic,
    author = {Franz Josef Och and Hermann Ney and Franz Josef and Och Hermann Ney},
    title = {A Systematic Comparison of Various Statistical Alignment Models},
    journal = {Computational Linguistics},
    year = {2003},
    volume = {29}
}

@InProceedings{ spejd,
	author = "Adam Przepi{\'o}rkowski and Aleksander Buczy{\'n}ski",
	title = "Shallow Parsing and Disambiguation Engine",
	booktitle = "Proceedings of the 3rd Language \& Technology Conference",
	address = "Pozna{\'n}",
	year = 2007
}

@article{ jrc-acquis,
	title = "The JRC-Acquis: A multilingual aligned parallel corpus with 20+ languages",
	author = "Ralf Steinberger and Bruno Pouliquen and Anna Widiger and Camelia Ignat and Tomaz Erjavec and Dan Tufis and Daniel Varga",
	journal = "CoRR",
	note = "informal publication",
	volume = "abs/cs/0609058",
	year = "2006"
}

@inproceedings{ moses,
	author = "Philipp Koehn and Hieu Hoang and Alexandra Birch and Chris Callison-Burch and Marcello Federico and Nicola Bertoldi and Brooke Cowan and Wade Shen and Christine Moran and Richard Zens and Chris Dyer and Ondrej Bojar and Alexandra Constantin and Evan Herbst",
	booktitle = "ACL",
	publisher = "The Association for Computer Linguistics",
	title = "Moses: Open Source Toolkit for Statistical Machine Translation.",
	year = "2007",
	date = "2008-07-03"
}

@book{WSAP,
	title = "Wielki słownik angielsko--polski",
	editor = "Jadwiga Linde--Usienkiewicz",
	publisher = "Wydawnictwo Naukowe PWN",
	year = "2002"
}

@book{encyklopediajezykow,
	title = "The Cambridge Encyclopedia of Language",
	editor = "Crystal, David",
  edition = "2",
	publisher = "Cambridge University Press",
	year = "1997",
}

@book{wprowadzeniedoteoriiautomatow,
	title = "Wprowadzenie do teorii automatów, języków i obliczeń",
	author = "John E. Hopcroft and Rajeev Motwani and Jeffrey D. Ullman",
	publisher = "Wydawnictwo Naukowe PWN",
	year = "2005"
}

@book{wybranemetodyanalizyskladniowej,
	title = "Podstawy przetwarzania języka naturalnego: wybrane metody analizy składniowej",
	author = "Elżbieta Dobryjanowicz",
	publisher = "Akademicka Oficyna Wydawnicza RM",
	year = "1992"
}

@book{kohen-SMT,
	title = "Statistical Machine Translation",
	author = "Philipp Koehn",
	publisher = "Cambridge University Press",
	year = "2010"
}

@book{jassem-przetwarzanie,
	title = "Przetwarzanie tekst{\'o}w polskich w systemie t{\l}umaczenia automatecznego POLENG",
	author = "Krzysztof Jassem",
	publisher = "Wydawnictwo Naukowe UAM",
	address = "Pozna{\'n}",
	year = "2006"
}

@incollection{Dorr_asurvey,
    author = {Bonnie J. Dorr and Pamela W. Jordan and John W. Benoit},
    title = {A Survey of Current Paradigms in Machine Translation},
    booktitle = {Advances in Computers},
    editor = {M. Zelkowitz},
    year = {1999},
    volume = {49},
    publisher = {Academic Press},
    pages = {1--68}
}

@INPROCEEDINGS{Fox02phrasalcohesion,
    author = {Heidi J. Fox},
    title = {Phrasal Cohesion and Statistical Machine Translation},
    booktitle = {Proceedings of EMNLP-02},
    year = {2002},
    pages = {304--311}
}

@inproceedings{galley,
    author = {Galley, Michel and Hopkins, Mark and Knight, Kevin and Marcu, Daniel},
    booktitle = {Proceedings of the Human Language Technology and North American Association for Computational Linguistics Conference (HLT/NAACL-04)},
    title = {What's in a translation rule?},
    year = {2004},
    address = {Boston, USA},
}

@article{filipoparserze,
  year = 2002,
  author = {Filip Graliński},
  title = {Wstępujący parser języka polskiego na potrzeby systemu {POLENG}},
  journal = {Speech and Language Technology. Technologia Mowy i~Języka},
  volume = {6/III},
  editor = {Krzysztof Jassem},
  publisher = {Polskie Towarzystwo Fonetyczne},
  address = {Poznań},
  pages = {263--276}
}

@article{artykul-sieciprzejscia,
  year = 2003,
  author    = {Krzysztof Jassem and Tomasz Kowalski}, 
  title = {Narzędzia do opisu i interpretacji skończonych sieci przejść w systemie POLENG},
  journal = {Speech and Language Technology. Technologia Mowy i~Języka},
  volume = {7},
  publisher = {Polskie Towarzystwo Fonetyczne},
  address = {Poznań},
}

@incollection{kowalski1,
    author    = {Tomasz Kowalski and Krzysztof Jassem}, 
    title     = {Machine Translation Using Scarce Bilingual Corpora}, 
    journal   = {TASK Quarterly},
    volume    = {11/1--2},
    address   = {Gdańsk},
    year      = {2007},
    publisher = {TASK},
}

@inproceedings{kowalski2,
    author    = {Krzysztof Jassem and Tomasz Kowalski}, 
    title     = {An Algorithm for Extracting Translation Rules from Scarce Bilingual Corpora},
    booktitle = {Proceedings of 1th International Multiconference on Computer Science and Information Technology}, 
    address   = {Wisła},
    year      = {2006},
}

@inproceedings{bonsai,
    author    = {Marcin Junczys-Dowmunt},
    title     = {It’s all about the Trees -- Towards a Hybrid Syntax-Based MT System},
    booktitle = {Proceedings of 4th International Multiconference on Computer Science and Information Technology}, 
    pages     = {219--226},
    address   = {Mrągowo},
    year      = {2009},
}

@inproceedings{Owczarzak,
    author    = {Owczarzak, Karolina and van Genabith, Josef and Way, Andy},
    year      = {2007},
    title     = {Labelled dependencies in machine translation evaluation},
    booktitle = {ACL Workshop on Statistical Machine Translation},
    address   = {Praga, Czechy},
}

@techreport{MULTRA,
	author={Beskow, Björn},
year={1993},
title={Unification-based transfer in machine translation},
institution={Wydział Lingwistyki Uniwersytetu w Uppsala, Szwecja},
number={RULL \#24},
}

@ARTICLE{DCG,
AUTHOR = "Fernando C. N. Pereira and David H. D. Warren",
TITLE = "Definite Clause Grammars for Language Analysis - A Survey of the Formalism and a Comparison with Augmented Transition Networks",
JOURNAL = "Artif. Intell.",
PAGES = {231-278},
YEAR = {1980},  
}
